<?xml version="1.0" encoding="UTF-8"?><record xmlns="http://www.loc.gov/MARC21/slim" xmlns:cinclude="http://apache.org/cocoon/include/1.0" xmlns:zs="http://www.loc.gov/zing/srw/">
  <leader>00293nz  a2200121n  4500</leader>
  <controlfield tag="001">n  95109390 </controlfield>
  <controlfield tag="003">DLC</controlfield>
  <controlfield tag="005">19951106101231.6</controlfield>
  <controlfield tag="008">951106n| acannaab|          |n aaa |||  </controlfield>
  <datafield tag="010" ind1=" " ind2=" ">
    <subfield code="a">n  95109390 </subfield>
  </datafield>
  <datafield tag="040" ind1=" " ind2=" ">
    <subfield code="a">DLC</subfield>
    <subfield code="c">DLC</subfield>
  </datafield>
  <datafield tag="100" ind1="1" ind2="0">
    <subfield code="a">Šolić, Nikola</subfield>
  </datafield>
  <datafield tag="670" ind1=" " ind2=" ">
    <subfield code="a">Jazovka, 1990:</subfield>
    <subfield code="b">t.p. (Nikola Šolić)</subfield>
  </datafield>
</record>